<?xml version="1.0" encoding="UTF-8"?><collection xmlns="http://www.loc.gov/MARC21/slim"><record><leader>00493nam--2200181-u-4500</leader><controlfield tag="001">000053057</controlfield><controlfield tag="002">20161230</controlfield><controlfield tag="005">20161230201050</controlfield><controlfield tag="008">110104s1000------------r-----000-0-eng-d</controlfield><datafield ind1=" " ind2=" " tag="020"><subfield code="a">3527305076</subfield></datafield><datafield ind1=" " ind2=" " tag="040"><subfield code="a">IFIN-HH</subfield></datafield><datafield ind1=" " ind2=" " tag="080"><subfield code="a">538(91+95+971)</subfield></datafield><datafield ind1="1" ind2=" " tag="100"><subfield code="a">Schmid, Gunter</subfield></datafield><datafield ind1="1" ind2="0" tag="245"><subfield code="a">Nanoparticles</subfield><subfield code="b">From theory to application</subfield><subfield code="c">GUNTER SCHMID (Ed.)</subfield></datafield><datafield ind1=" " ind2=" " tag="260"><subfield code="a">Weinheim</subfield><subfield code="b">Wiley-vch Verlag Gmbh &amp; Co Kgaa</subfield><subfield code="c">2004</subfield></datafield><datafield ind1=" " ind2=" " tag="300"><subfield code="a">434P</subfield></datafield><datafield ind1=" " ind2=" " tag="852"><subfield code="a">81687</subfield><subfield code="c">538.9</subfield></datafield><datafield ind1=" " ind2=" " tag="CAT"><subfield code="a">Sys</subfield><subfield code="c">20110104</subfield><subfield code="h">110743</subfield></datafield></record></collection>